%YAML 1.1
%TAG !u! tag:unity3d.com,2011:
--- !u!1 &1343426206790823282
GameObject:
  m_ObjectHideFlags: 0
  m_CorrespondingSourceObject: {fileID: 0}
  m_PrefabInstance: {fileID: 0}
  m_PrefabAsset: {fileID: 0}
  serializedVersion: 6
  m_Component:
  - component: {fileID: 2666015378246819681}
  - component: {fileID: 6459446522930947415}
  - component: {fileID: 763387662616074670}
  - component: {fileID: -8303252650773892680}
  - component: {fileID: -266316380154452680}
  - component: {fileID: 4213106199024980263}
  - component: {fileID: 5186456559952109495}
  - component: {fileID: 1960566322}
  - component: {fileID: 1960566324}
  - component: {fileID: 1960566325}
  m_Layer: 6
  m_Name: P_PROP_food_fish_02
  m_TagString: Untagged
  m_Icon: {fileID: 0}
  m_NavMeshLayer: 0
  m_StaticEditorFlags: 0
  m_IsActive: 1
--- !u!4 &2666015378246819681
Transform:
  m_ObjectHideFlags: 0
  m_CorrespondingSourceObject: {fileID: 0}
  m_PrefabInstance: {fileID: 0}
  m_PrefabAsset: {fileID: 0}
  m_GameObject: {fileID: 1343426206790823282}
  m_LocalRotation: {x: 0, y: 0, z: 0, w: 1}
  m_LocalPosition: {x: -0, y: 0, z: 0}
  m_LocalScale: {x: 1, y: 1, z: 1}
  m_Children: []
  m_Father: {fileID: 0}
  m_RootOrder: 0
  m_LocalEulerAnglesHint: {x: 0, y: 0, z: 0}
--- !u!33 &6459446522930947415
MeshFilter:
  m_ObjectHideFlags: 0
  m_CorrespondingSourceObject: {fileID: 0}
  m_PrefabInstance: {fileID: 0}
  m_PrefabAsset: {fileID: 0}
  m_GameObject: {fileID: 1343426206790823282}
  m_Mesh: {fileID: -4804992220726181328, guid: 06b08917322807e47896d4e171b5d439, type: 3}
--- !u!23 &763387662616074670
MeshRenderer:
  m_ObjectHideFlags: 0
  m_CorrespondingSourceObject: {fileID: 0}
  m_PrefabInstance: {fileID: 0}
  m_PrefabAsset: {fileID: 0}
  m_GameObject: {fileID: 1343426206790823282}
  m_Enabled: 1
  m_CastShadows: 1
  m_ReceiveShadows: 1
  m_DynamicOccludee: 1
  m_MotionVectors: 1
  m_LightProbeUsage: 1
  m_ReflectionProbeUsage: 1
  m_RayTracingMode: 2
  m_RayTraceProcedural: 0
  m_RenderingLayerMask: 1
  m_RendererPriority: 0
  m_Materials:
  - {fileID: 2100000, guid: e94d0c8e6ff06e849b22068082db6026, type: 2}
  m_StaticBatchInfo:
    firstSubMesh: 0
    subMeshCount: 0
  m_StaticBatchRoot: {fileID: 0}
  m_ProbeAnchor: {fileID: 0}
  m_LightProbeVolumeOverride: {fileID: 0}
  m_ScaleInLightmap: 1
  m_ReceiveGI: 1
  m_PreserveUVs: 0
  m_IgnoreNormalsForChartDetection: 0
  m_ImportantGI: 0
  m_StitchLightmapSeams: 1
  m_SelectedEditorRenderState: 3
  m_MinimumChartSize: 4
  m_AutoUVMaxDistance: 0.5
  m_AutoUVMaxAngle: 89
  m_LightmapParameters: {fileID: 0}
  m_SortingLayerID: 0
  m_SortingLayer: 0
  m_SortingOrder: 0
  m_AdditionalVertexStreams: {fileID: 0}
--- !u!64 &-8303252650773892680
MeshCollider:
  m_ObjectHideFlags: 0
  m_CorrespondingSourceObject: {fileID: 0}
  m_PrefabInstance: {fileID: 0}
  m_PrefabAsset: {fileID: 0}
  m_GameObject: {fileID: 1343426206790823282}
  m_Material: {fileID: 0}
  m_IsTrigger: 0
  m_Enabled: 1
  serializedVersion: 4
  m_Convex: 1
  m_CookingOptions: 30
  m_Mesh: {fileID: -4804992220726181328, guid: 06b08917322807e47896d4e171b5d439, type: 3}
--- !u!54 &-266316380154452680
Rigidbody:
  m_ObjectHideFlags: 0
  m_CorrespondingSourceObject: {fileID: 0}
  m_PrefabInstance: {fileID: 0}
  m_PrefabAsset: {fileID: 0}
  m_GameObject: {fileID: 1343426206790823282}
  serializedVersion: 2
  m_Mass: 1
  m_Drag: 0.5
  m_AngularDrag: 0.05
  m_UseGravity: 1
  m_IsKinematic: 0
  m_Interpolate: 0
  m_Constraints: 0
  m_CollisionDetection: 0
--- !u!114 &4213106199024980263
MonoBehaviour:
  m_ObjectHideFlags: 0
  m_CorrespondingSourceObject: {fileID: 0}
  m_PrefabInstance: {fileID: 0}
  m_PrefabAsset: {fileID: 0}
  m_GameObject: {fileID: 1343426206790823282}
  m_Enabled: 1
  m_EditorHideFlags: 0
  m_Script: {fileID: 11500000, guid: 0c8ad8c7bd26ef0448e339e3682a1a71, type: 3}
  m_Name: 
  m_EditorClassIdentifier: 
--- !u!114 &5186456559952109495
MonoBehaviour:
  m_ObjectHideFlags: 0
  m_CorrespondingSourceObject: {fileID: 0}
  m_PrefabInstance: {fileID: 0}
  m_PrefabAsset: {fileID: 0}
  m_GameObject: {fileID: 1343426206790823282}
  m_Enabled: 1
  m_EditorHideFlags: 0
  m_Script: {fileID: 11500000, guid: 7db757b324f7b8c4bb192db9c7cee081, type: 3}
  m_Name: 
  m_EditorClassIdentifier: 
--- !u!114 &1960566322
MonoBehaviour:
  m_ObjectHideFlags: 0
  m_CorrespondingSourceObject: {fileID: 0}
  m_PrefabInstance: {fileID: 0}
  m_PrefabAsset: {fileID: 0}
  m_GameObject: {fileID: 1343426206790823282}
  m_Enabled: 1
  m_EditorHideFlags: 0
  m_Script: {fileID: 11500000, guid: 034bc47afcbf5e141a58d5c20b7808e4, type: 3}
  m_Name: 
  m_EditorClassIdentifier: 
--- !u!114 &1960566324
MonoBehaviour:
  m_ObjectHideFlags: 0
  m_CorrespondingSourceObject: {fileID: 0}
  m_PrefabInstance: {fileID: 0}
  m_PrefabAsset: {fileID: 0}
  m_GameObject: {fileID: 1343426206790823282}
  m_Enabled: 0
  m_EditorHideFlags: 0
  m_Script: {fileID: 11500000, guid: 3fe91dc294731a9428c0941ea7579110, type: 3}
  m_Name: 
  m_EditorClassIdentifier: 
  complexMaskingMode: 0
  drawingMode: 1
  outlineLayer: 0
  outlineTargets:
  - IsVisible: 1
    CutoutMask: 8
    edgeDilateAmount: 5
    frontEdgeDilateAmount: 5
    backEdgeDilateAmount: 5
    renderer: {fileID: 763387662616074670}
    SubmeshIndex: 0
    BoundsMode: 0
    Bounds:
      m_Center: {x: 0, y: 0, z: 0}
      m_Extent: {x: 0.5, y: 0.5, z: 0.5}
    CutoutThreshold: 0.5
    CullMode: 2
    cutoutTextureName: 
    DilateRenderingMode: 0
    cutoutTextureIndex: 0
  renderStyle: 1
  outlineParameters:
    enabled: 1
    color: {r: 1, g: 0.92156863, b: 0.015686275, a: 1}
    dilateShift: 1
    blurShift: 1
    fillPass:
      shader: {fileID: 0}
      serializedProperties: []
  backParameters:
    enabled: 1
    color: {r: 1, g: 0.92156863, b: 0.015686275, a: 1}
    dilateShift: 1
    blurShift: 1
    fillPass:
      shader: {fileID: 0}
      serializedProperties: []
  frontParameters:
    enabled: 1
    color: {r: 1, g: 0.92156863, b: 0.015686275, a: 1}
    dilateShift: 1
    blurShift: 1
    fillPass:
      shader: {fileID: 0}
      serializedProperties: []
--- !u!114 &1960566325
MonoBehaviour:
  m_ObjectHideFlags: 0
  m_CorrespondingSourceObject: {fileID: 0}
  m_PrefabInstance: {fileID: 0}
  m_PrefabAsset: {fileID: 0}
  m_GameObject: {fileID: 1343426206790823282}
  m_Enabled: 1
  m_EditorHideFlags: 0
  m_Script: {fileID: 11500000, guid: 6c63fa765bd832f4d9824b7b37cc51f1, type: 3}
  m_Name: 
  m_EditorClassIdentifier: 
  foodType: 23
